<?xml version="1.0" encoding="UTF-8"?><collection xmlns="http://www.loc.gov/MARC21/slim"><record><leader>00382nam--2200121-i-4500</leader><controlfield tag="001">000006352</controlfield><controlfield tag="002">20161230</controlfield><controlfield tag="005">20161230201026</controlfield><controlfield tag="008">060222s1000------------r-----000-0-eng-d</controlfield><datafield ind1=" " ind2=" " tag="245"><subfield code="a">Developements in applied spectroscopy. pro- ceedings of the 12th annual symposium held in chicago, may 15-18, 1961</subfield></datafield><datafield ind1=" " ind2=" " tag="260"><subfield code="a">New York, Plenum Press, 1962 X + 260 P</subfield></datafield><datafield ind1=" " ind2=" " tag="700"><subfield code="a">Ashby, D</subfield></datafield><datafield ind1=" " ind2=" " tag="852"><subfield code="a">18304</subfield></datafield></record></collection>